@ARTICLE{Yang6175956, 
author={J. Yang and Z. Wang and Z. Lin and S. Cohen and T. Huang}, 
journal={IEEE Transactions on Image Processing}, 
title={Coupled Dictionary Training for Image Super-Resolution}, 
year={2012}, 
volume={21}, 
number={8}, 
pages={3467-3478}, 
keywords={dictionaries;gradient methods;image representation;image resolution;image restoration;inference mechanisms;learning (artificial intelligence);minimisation;neural nets;stochastic processes;â„“1-norm minimization problem;HR image patch;LR dictionary;SR algorithm;bilevel optimization problem;coupled dictionary learning;coupled dictionary training;fast sparse inference;high-resolution image patch space;image restoration;learning problem;learning process;low-resolution image patch space;neural network model;patchwise sparse recovery;single-image super-resolution;sparse representation;stochastic gradient descent;Dictionaries;Image coding;Image resolution;Joints;Optimization;Signal resolution;Training;Dictionary learning;image restoration;image super-resolution;sparse coding;sparse recovery;Algorithms;Image Enhancement;Image Interpretation, Computer-Assisted;Neural Networks (Computer);Pattern Recognition, Automated;Reproducibility of Results;Sensitivity and Specificity;Subtraction Technique}, 
doi={10.1109/TIP.2012.2192127}, 
ISSN={1057-7149}, 
month={Aug},}