@article{lapointe1997average,
  title={The average consensus procedure: combination of weighted trees containing identical or overlapping sets of taxa},
  author={Lapointe, Francois-Joseph and Cucumel, Guy},
  journal={Systematic Biology},
  volume={46},
  number={2},
  pages={306--312},
  year={1997},
  publisher={Society of Systematic Biologists}
}
